@book{mitchelltm1997,
author={T. M. Mitchell},
title={Machien Learning},
publisher={McGraw-Hill},
address={New York},
year={1997},
}